<record><leader>00000cas a22000007a 4500</leader><controlfield tag="001">19609155</controlfield><controlfield tag="008">890426d19191983mouwr ne      0    0eng d</controlfield><datafield ind1=" " ind2=" " tag="010"><subfield code="a">sn 89066103 </subfield></datafield><datafield ind1=" " ind2=" " tag="040"><subfield code="a">MQN</subfield><subfield code="b">eng</subfield><subfield code="c">MQN</subfield><subfield code="d">OCLCQ</subfield><subfield code="d">OCLCF</subfield><subfield code="d">OCLCO</subfield></datafield><datafield ind1="1" ind2=" " tag="029"><subfield code="a">AU@</subfield><subfield code="b">000020562021</subfield></datafield><datafield ind1=" " ind2=" " tag="042"><subfield code="a">msc</subfield></datafield><datafield ind1="0" ind2="0" tag="245"><subfield code="a">Hamilton advocate-Hamiltonian.</subfield></datafield><datafield ind1="3" ind2="0" tag="246"><subfield code="a">Hamilton advocate Hamiltonian</subfield></datafield><datafield ind1=" " ind2=" " tag="260"><subfield code="a">Hamilton, Caldwell County, Mo. :</subfield><subfield code="b">Caldwell County Print. Co.,</subfield><subfield code="c">1919-1983.</subfield></datafield><datafield ind1=" " ind2=" " tag="300"><subfield code="a">v.</subfield></datafield><datafield ind1=" " ind2=" " tag="310"><subfield code="a">Weekly</subfield></datafield><datafield ind1="0" ind2=" " tag="362"><subfield code="a">Vol. 41, no. 34 (Mar. 6, 1919)-v. 113, no. 32 (Feb. 23, 1983).</subfield></datafield><datafield ind1=" " ind2=" " tag="515"><subfield code="a">Continues numbering of: Hamilton Hamiltonian.</subfield></datafield><datafield ind1=" " ind2="0" tag="651"><subfield code="a">Hamilton (Mo.)</subfield><subfield code="v">Newspapers.</subfield></datafield><datafield ind1=" " ind2="7" tag="655"><subfield code="a">Newspapers.</subfield><subfield code="2">fast</subfield><subfield code="0">(OCoLC)fst01423814</subfield></datafield><datafield ind1=" " ind2="7" tag="651"><subfield code="a">Missouri</subfield><subfield code="z">Hamilton.</subfield><subfield code="2">fast</subfield><subfield code="0">(OCoLC)fst01880459</subfield></datafield><datafield ind1=" " ind2=" " tag="752"><subfield code="a">United States</subfield><subfield code="b">Missouri</subfield><subfield code="c">Caldwell</subfield><subfield code="d">Hamilton.</subfield></datafield><datafield ind1="0" ind2="4" tag="780"><subfield code="t">Hamilton farmer's advocate</subfield><subfield code="w">(DLC)sn 89066102</subfield></datafield><datafield ind1="0" ind2="4" tag="780"><subfield code="t">Hamilton Hamiltonian</subfield><subfield code="w">(DLC)sn 89066100</subfield></datafield><datafield ind1="0" ind2="5" tag="780"><subfield code="t">Polo progress</subfield><subfield code="w">(DLC)sn 89067345</subfield></datafield><datafield ind1="0" ind2="5" tag="780"><subfield code="t">Kingston mercury</subfield><subfield code="w">(DLC)sn 90061025</subfield></datafield><datafield ind1="0" ind2="7" tag="785"><subfield code="t">Breckenridge bulletin</subfield><subfield code="w">(DLC)sn 88084103</subfield></datafield><datafield ind1="0" ind2="7" tag="785"><subfield code="t">Hamilton advocate-Hamiltonian and the Breckenridge bulletin</subfield><subfield code="w">(DLC)sn 89066331</subfield></datafield></record>